<record><leader>00000cas a22000007a 4500</leader><controlfield tag="001">13172366</controlfield><controlfield tag="008">860219d188u188umtudr ne      0    0eng d</controlfield><datafield ind1=" " ind2=" " tag="010"><subfield code="a">sn 86075045 </subfield></datafield><datafield ind1=" " ind2=" " tag="040"><subfield code="a">MTL</subfield><subfield code="b">eng</subfield><subfield code="c">MTL</subfield><subfield code="d">OCL</subfield><subfield code="d">OCLCQ</subfield></datafield><datafield ind1=" " ind2=" " tag="042"><subfield code="a">msc</subfield></datafield><datafield ind1="0" ind2="0" tag="245"><subfield code="a">Daily inter-mountains.</subfield></datafield><datafield ind1=" " ind2=" " tag="260"><subfield code="a">Butte, Mont. :</subfield><subfield code="b">L.R. Freeman</subfield></datafield><datafield ind1=" " ind2=" " tag="300"><subfield code="a">v. :</subfield><subfield code="b">ill. (chiefly ads.) ;</subfield><subfield code="c">60 cm.</subfield></datafield><datafield ind1=" " ind2=" " tag="310"><subfield code="a">Daily</subfield></datafield><datafield ind1="1" ind2=" " tag="362"><subfield code="a">Began in 1881?</subfield></datafield><datafield ind1=" " ind2=" " tag="500"><subfield code="a">"Advocating the interests of the trade unions."</subfield></datafield><datafield ind1=" " ind2=" " tag="500"><subfield code="a">Editor: Legh Richmond Freeman.</subfield></datafield><datafield ind1=" " ind2=" " tag="588"><subfield code="a">Description based on: Vol. 1, no. 159 (July 16, 1881).</subfield></datafield><datafield ind1=" " ind2=" " tag="752"><subfield code="a">United States</subfield><subfield code="b">Montana</subfield><subfield code="c">Silver Bow</subfield><subfield code="d">Butte.</subfield></datafield><datafield ind1="0" ind2=" " tag="775"><subfield code="t">Inter-mountains Freeman</subfield><subfield code="w">(DLC)sn 86075044</subfield></datafield></record>